<?xml version="1.0" encoding="UTF-8"?><collection xmlns="http://www.loc.gov/MARC21/slim"><record><leader>00496nam--2200181-u-4500</leader><controlfield tag="001">000053303</controlfield><controlfield tag="002">20161230</controlfield><controlfield tag="005">20161230201051</controlfield><controlfield tag="008">110201s1000------------r-----000-0-eng-d</controlfield><datafield ind1=" " ind2=" " tag="020"><subfield code="a">9738581834</subfield></datafield><datafield ind1=" " ind2=" " tag="040"><subfield code="a">IFIN-HH</subfield></datafield><datafield ind1=" " ind2=" " tag="080"><subfield code="a">62</subfield></datafield><datafield ind1="1" ind2=" " tag="100"><subfield code="a">Popescu, Mihai A</subfield></datafield><datafield ind1="1" ind2="0" tag="245"><subfield code="a">Aide-memoire</subfield><subfield code="b">Chalcogenides and general tables for materials scientist</subfield><subfield code="c">Mihai a. popescu, (compiled by)</subfield></datafield><datafield ind1=" " ind2=" " tag="260"><subfield code="a">Bucharest</subfield><subfield code="b">Inoe</subfield><subfield code="c">2005</subfield></datafield><datafield ind1=" " ind2=" " tag="300"><subfield code="a">120P</subfield></datafield><datafield ind1=" " ind2=" " tag="852"><subfield code="a">82311</subfield><subfield code="c">546</subfield></datafield><datafield ind1=" " ind2=" " tag="CAT"><subfield code="a">Sys</subfield><subfield code="c">20140225</subfield><subfield code="h">151735</subfield></datafield></record></collection>